@Comment ****************************** MAJOR

@book{awodey,
  title={Category theory},
  author={Awodey, Steve},
  year={2010},
  publisher={Oxford University Press}
}

@book{riehl,
  title={Category theory in context},
  author={Riehl, Emily},
  year={2017},
  publisher={Courier Dover Publications}
}

@book{maclane,
  title={Categories for the working mathematician},
  author={Mac Lane, Saunders},
  volume={5},
  year={2013},
  publisher={Springer Science \& Business Media}
}

@book{category-theory-for-computing-science,
  title={Category theory for computing science},
  author={Barr, Michael and Wells, Charles},
  year={1990},
  publisher={Prentice Hall New York}
}

@Comment ****************************** MINOR

@book{simmons,
  title={An introduction to category theory},
  author={Simmons, Harold},
  year={2011},
  publisher={Cambridge University Press}
}

@book{book,
  author    = {The {Univalent Foundations Program}},
  title     = {Homotopy Type Theory: Univalent Foundations of Mathematics},
  publisher = {\url{https://homotopytypetheory.org/book}},
  address   = {Institute for Advanced Study},
  year      = {2013}
}

@book{sketches,
  title={Sketches of an elephant: A topos theory compendium},
  author={Johnstone, Peter T},
  volume={2},
  year={2002},
  publisher={Oxford University Press}
}

@Comment ****************************** NLAB

@misc{nlab:presheaf,
  author = {{nLab authors}},
  title = {presheaf},
  howpublished = {\url{http://ncatlab.org/nlab/show/presheaf}},
  note = {\href{http://ncatlab.org/nlab/revision/presheaf/49}{Revision 49}},
  month = may,
  year = 2018
} 
